<?xml version="1.0" encoding="UTF-8"?><collection xmlns="http://www.loc.gov/MARC21/slim"><record><leader>00346nam--2200133-i-4500</leader><controlfield tag="001">000043957</controlfield><controlfield tag="002">20161230</controlfield><controlfield tag="005">20161230201044</controlfield><controlfield tag="008">060222s1000------------r-----000-0-eng-d</controlfield><datafield ind1=" " ind2=" " tag="080"><subfield code="a">681.32(047.1)</subfield></datafield><datafield ind1=" " ind2=" " tag="100"><subfield code="a">Teague,Robert</subfield></datafield><datafield ind1=" " ind2=" " tag="245"><subfield code="a">Computing problems for fortran solution</subfield></datafield><datafield ind1=" " ind2=" " tag="260"><subfield code="a">San Francisco, Canfield Press, 1972. 245 P</subfield></datafield><datafield ind1=" " ind2=" " tag="852"><subfield code="a">41669</subfield></datafield></record></collection>